<?xml version="1.0" encoding="UTF-8"?>
<record xmlns="http://www.loc.gov/MARC21/slim">
  <leader>01138ntm a22002777a 4500</leader>
  <controlfield tag="001">3486721</controlfield>
  <controlfield tag="005">20100226124500.0</controlfield>
  <controlfield tag="008">090115s1864    xx            000 i eng d</controlfield>
  <datafield tag="033" ind1="0" ind2="0">
    <subfield code="a">18640220</subfield>
  </datafield>
  <datafield tag="040" ind1=" " ind2=" ">
    <subfield code="a">BRL</subfield>
  </datafield>
  <datafield tag="099" ind1=" " ind2=" ">
    <subfield code="a">Ms.A.9.2 v.5, p.44B</subfield>
  </datafield>
  <datafield tag="100" ind1="1" ind2=" ">
    <subfield code="a">Chapman, Mary Gray,</subfield>
    <subfield code="d">1798-1874.</subfield>
  </datafield>
  <datafield tag="245" ind1="1" ind2="0">
    <subfield code="a">[Letter to Caroline Weston?]</subfield>
    <subfield code="h">[manuscript].</subfield>
  </datafield>
  <datafield tag="260" ind1=" " ind2=" ">
    <subfield code="c">Feb. 20, 1864.</subfield>
  </datafield>
  <datafield tag="300" ind1=" " ind2=" ">
    <subfield code="a">1 leaf (1 p.) ;</subfield>
    <subfield code="c">4 3/4 x 5 in.</subfield>
  </datafield>
  <datafield tag="500" ind1=" " ind2=" ">
    <subfield code="a">Holograph, signed with initials.</subfield>
  </datafield>
  <datafield tag="500" ind1=" " ind2=" ">
    <subfield code="a">This note was perhaps written by Mary Gray Chapman. She writes: &quot;I found your truck &amp; box &amp; forwarded them to &apos;Dr. Weston, Weymouth Landing&apos; by express-- You should get them Monday night.&quot;</subfield>
  </datafield>
  <datafield tag="600" ind1="1" ind2="0">
    <subfield code="a">Weston, Caroline,</subfield>
    <subfield code="d">1808-1882</subfield>
    <subfield code="v">Correspondence.</subfield>
  </datafield>
  <datafield tag="600" ind1="1" ind2="0">
    <subfield code="a">Chapman, Mary Gray,</subfield>
    <subfield code="d">1798-1874</subfield>
    <subfield code="v">Correspondence.</subfield>
  </datafield>
  <datafield tag="650" ind1=" " ind2="0">
    <subfield code="a">Antislavery movements</subfield>
    <subfield code="z">United States</subfield>
    <subfield code="x">History</subfield>
    <subfield code="y">19th century.</subfield>
  </datafield>
  <datafield tag="650" ind1=" " ind2="0">
    <subfield code="a">Women abolitionists</subfield>
    <subfield code="z">Massachusetts</subfield>
    <subfield code="z">Boston</subfield>
    <subfield code="y">19th century</subfield>
    <subfield code="v">Correspondence.</subfield>
  </datafield>
  <datafield tag="655" ind1=" " ind2="0">
    <subfield code="a">Letters.</subfield>
  </datafield>
  <datafield tag="655" ind1=" " ind2="0">
    <subfield code="a">Manuscripts.</subfield>
  </datafield>
  <datafield tag="700" ind1="1" ind2=" ">
    <subfield code="a">Weston, Caroline,</subfield>
    <subfield code="d">1808-1882,</subfield>
    <subfield code="e">recipient.</subfield>
  </datafield>
  <datafield tag="830" ind1=" " ind2="0">
    <subfield code="a">Caroline Weston Correspondence (1834-1874)</subfield>
  </datafield>
  <datafield tag="999" ind1=" " ind2=" ">
    <subfield code="a">shots: 2</subfield>
  </datafield>
</record>
